% phd thesis I weant to cite
% ilham, kayla, todd, kyle, madichen, hoagland, rosa, warsa, hamilton, sam passman

@phdthesis{ilham_phd,
    author = {Ilham Variansyah},
    title = {A Robust Second-Order Multiple Balance Method and $\alpha$-Weighted Multigroup Constants for Time-Dependent Nuclear Reactor Simulations},
    school = {University of Michigan},
    year = {2021}
}

@phdthesis{kayla_phd,
    author = {Kayla Clements},
    title = {Uncertainty Quantification and Global Sensitivity Analysis Methods for {M}onte {C}arlo Radiation Transport Solvers},
    school = {Oregon State University},
    year = {2024},
    url = {https://ir.library.oregonstate.edu/concern/graduate_thesis_or_dissertations/8910k376w}
}

@phdthesis{niemeyer_phd,
    author = {Kyle Evan Niemeyer},
    title = {Reducing The Cost Of Chemistry In Reactive-flow Simulations: Novel Mechanism Reduction Strategies And Acceleration Via Graphics Processing Units},
    school = {Case Western Reserve University},
    year = {2014},
    url = {http://rave.ohiolink.edu/etdc/view?acc_num=case1378393709}
}

@phdthesis{palmer_phd,
    author = {Todd Palmer},
    title = {Curvilinear geometry transport discretizations in thick diffusive regions},
    school = {University of Michigan},
    year = {1993}
}

@phdthesis{monke_phd,
    author = {Madicken Munk},
    title = {{FW/CADIS-}$\Omega$: An Angle-Informed Hybrid Method for Neutron Transport},
    school = {University of California, Berkeley},
    year = {2017}
}

%@phdthesis{rosa_phd,
%    author = {Kayla Clements},
%    title = {Uncertainty Quantification and Global Sensitivity Analysis Methods for {M}onte {C}arlo Radiation Transport Solvers},
%    school = {Oregon State University},
%    year = {2024}
%}

@phdthesis{pasmann_phd,
    author = {Samuel L. Pasmann},
    title = {Development of the Iterative Quasi-{M}onte {C}arlo ({iQMC}) Method for Neutron Transport Simulations},
    school = {University of Notre Dame},
    year = {2024}
}

@phdthesis{braxton_phd,
    author = {Braxton Cuneo},
    title = {Divergence Reduction and Dependency Management in {GPU} Programs using Asynchronous Work Scheduling},
    school = {Oregon State University},
    year = {2022}
}

@phdthesis{yavuz_phd,
    author = {Musa Yavuz},
    title = {Neutron transport, diffusion, and diffusion synthetic acceleration methods for parallel architecture computers},
    school = {University of Michigan},
    year = {1991}
}

@phdthesis{southworth_phd,
    author = {Benjamin Scott Southworth},
    title = {Seeking Space Aliens and the Strong Approximation Property: A (disjoint) Study in Dust Plumes on Planetary Satellites and Nonsymmetric Algebraic Multigrid},
    school = {University Colorado at Boulder},
    year = {2017}
}

@phdthesis{kendra_phd,
    author = {Kendra P. Keady},
    title = {Acceleration and Stabilization Methods for {M}onte {C}arlo Reactor Core k-Eigenvalue Problems},
    school = {University of Michigan},
    year = {2016}
}

@phdthesis{woods_phd,
    author = {Douglas N. Woods},
    title = {Discrete Ordinates Radiation Transport using High-Order Finite Element Spatial Discretizations on Meshes with Curved Surfaces},
    school = {Oregon State Universtiy},
    year = {2018}
}

@phdthesis{trahan_phd,
    author = {Travis John Trahan},
    title = {An Asymptotic, Homogenized, Anisotropic, Multigroup Diffusion Approximation To The Neutron Transport Equation},
    school = {University of Michigan},
    year = {2016}
}

@phdthesis{alex_phd,
    author = {Travis John Trahan},
    title = {An Asymptotic, Homogenized, Anisotropic, Multigroup Diffusion Approximation To The Neutron Transport Equation},
    school = {University of Michigan},
    year = {2016}
}

@phdthesis{oliver_phd,
    author = {Samuel Stephen Olivier},
    title = {High-Order Moment Methods for Thermal Radiative Transfer},
    school = {University of California, Berkeley},
    year = {2022}
}

@phdthesis{burke_phd,
    author = {Timothy P. Burke},
    title = {Kernel Density Estimation Techniques for {M}onte {C}arlo Reactor Analysis},
    school = {University of Michigan},
    year = {2016}
}

@phdthesis{maggie_phd,
    author = {Aryn Maggie Magilligan},
    title = {Isospin-breaking Interactions In The Nuclear Shell Model},
    school = {Michigan State Universtiy},
    year = {2021}
}

@phdthesis{nicolson_phd,
    author = {Phyllis Nicolson},
    title = {Three Problems in Theoretical Physics},
    school = {Manchester University},
    year = {1946}
}

@phdthesis{alicia_phd,
    author = {Alicia Eleanora Patterson},
    title = {The Social Epistemology Of Prejudice & Privacy: Toward New Frameworks},
    school = {Cornell University},
    year = {2020}
}

@phdthesis{walker_phd,
    author = {Walker, Anthony S.},
    title = {Generalized Preconditioning to Accelerate Simulations with Large Multiphase Chemical Kinetics Models},
    school = {Oregon State Univeristy},
    year = {2024},
}
