% these are my publications!


@inproceedings{variansyah_mc23_mcdc,
	address = {Niagara Falls, Ontario, Canada},
	author = {Variansyah, Ilham and Morgan, Joanna Piper and Northrop, Jordan and Niemeyer, Kyle E. and McClarren, Ryan G.},
	booktitle = {International Conference on Mathematics and Computational Methods Applied to Nuclear Science and Engineering},
	doi = {10.48550/arXiv.2305.07636},
	title = {Development of {{MC}/{DC}}: a performant, scalable, and portable {P}ython-based {M}onte {C}arlo neutron transport code},
	year = {2023},
}

@article{mcsummit,
	author = {Morgan, J. P. and Mote, A. and Pasmann, S. and Ridley, G. and Palmer, T. S. and Niemeyer, K. E. and McClarren, R. G.},
	doi = {10.48550/arXiv.2402.08161},
	journal = {Journal of Computational and Theoretical Transport},
	title = {The {Monte} {Carlo} Computational Summit – {O}ctober {25} \& {26}, {2023} – {N}otre {D}ame, {I}ndiana, {USA}},
	year = {2024},
}


@inproceedings{morgan2022,
	address = {Anaheim, CA, USA},
	author = {Morgan, Joanna Piper and Palmer, Todd Stephen and Niemeyer, Kyle Evan},
	booktitle = {Transactions of the American Nuclear Society},
	date = {August 2022},
	doi = {10.13182/T126-38137},
	pages = {318--320},
	title = {Explorations of Python-Based Automatic Hardware Code Generation for Neutron Transport Applications},
	volume = {126},
	year = {2022},
}

@inproceedings{morgan2023delta,
	address = {Niagra Falls, CA},
	author = {Morgan, J. P. and Trahan, Travis J. and Burke, Timothy P. and Josey, Colin J. and Niemeyer, Kyle E.},
	booktitle = {Proceedings of International Conference on Mathematics and Computational Methods Applied to Nuclear Science and Engineering},
	doi = {10.48550/arXiv.2306.07847},
	month = {8},
	number = {},
	place = {Niagra Falls, ON, Canada},
	publisher = {CNS},
	title = {Hybrid-Delta Tracking on a Structured Mesh in {MCATK}},
	volume = {},
	year = {2023},
}

@inproceedings{morgan2023oci,
	address = {Niagra Falls, ON, CA},
	author = {Morgan, Joanna Piper and Variansyah, Ilham and Palmer, Todd S. and Niemeyer, Kyle E.},
	booktitle = {International Conference on Mathematics and Computational Methods Applied to Nuclear Science and Engineering},
	doi = {10.48550/arXiv:2305.13555},
	month = {8},
	number = {},
	publisher = {CNS},
	title = {Exploring One-Cell Inversion Method for Transient Transport on {GPU}},
	url = {https://www.doi.org/10.48550/arXiv:2305.13555.},
	volume = {},
	year = {2023},
}

@article{morgan_2025_monte,
	author = {Morgan, Joanna Piper and Variansyah, Ilham and Cuneo, Braxton and Palmer, Todd S. and Niemeyer, Kyle E.},
	doi = {10.1109/MCSE.2025.3550863},
	journal = {Computing in Science \& Engineering},
	number = {},
	pages = {1--10},
	title = {Performant and Portable Monte Carlo Neutron Transport via Numba},
	volume = {},
	year = {2025},
}

@article{morgan_monte_2024,
	author = {Morgan, Joanna Piper and Variansyah, Ilham and Pasmann, Samuel L. and Clements, Kayla B. and Cuneo, Braxton and Mote, Alexander and Goodman, Charles and Shaw, Caleb and Northrop, Jordan and Pankaj, Rohan and Lame, Ethan and Whewell, Benjamin and McClarren, Ryan G. and Palmer, Todd S. and Chen, Lizhong and Anistratov, Dmitriy Y. and Kelley, C. T. and Palmer, Camille J. and Niemeyer, Kyle E.},
	doi = {10.21105/joss.06415},
	issn = {2475-9066},
	journal = {Journal of Open Source Software},
	language = {en},
	month = {4},
	number = {96},
	pages = {6415},
	shorttitle = {Monte {Carlo} / {Dynamic} {Code} ({MC}/{DC})},
	title = {Monte {Carlo} / {Dynamic} {Code} ({MC}/{DC}): {An} accelerated {Python} package for fully transient neutron transport and rapid methods development},
	url = {https://joss.theoj.org/papers/10.21105/joss.06415},
	urldate = {2024-04-18},
	volume = {9},
	year = {2024},
}

@article{morgan_2025_oci,
    author = {Joanna Piper Morgan and Ilham Variansyah and Todd S. Palmer and Kyle E. Niemeyer},
    title = {One-cell inversion for solving higher-order time-dependent radiation transport on GPUs},
    journal = {Nuclear Science and Engineering},
    doi = {10.1080/00295639.2025.2510004},
    year = {2025}
}